
%%  Ein paar Abk√ºrzungen 
@STRING{SICOMP = {SIAM Journal on Computing}}
@STRING{SPRINGER = {Springer}}
@STRING{LNCS = {LNCS}}
@STRING{DAM = {Discrete Applied Mathematics}}



%% Referenz ist ein Artikel in einem Journal 
@article{example1,
author = {Kako, Akihisa and Ono, Takao and Hirata, Tomio and Halld\'{o}rsson, Magn\'{u}s M},
journal = DAM,
number = {4},
pages = {617--626},
title = {{Approximation algorithms for the weighted independent set problem in sparse graphs}},
volume = {157},
year = {2009}
}

%% Referenz ist ein Artikel in Proceedings 
@inproceedings{example2,
author = {Seibert, Sebastian and Unger, Walter},
booktitle = {Algorithms and Complexity},
pages = {102--112},
publisher = SPRINGER,
series = LNCS,
title = {{The Hardness of Placing Street Names in a Manhattan Type
Map}},
volume = {1767},
year = {2000}
}

%% Referenz ist ein Artikel in Proceedings 
@inproceedings{example3,
author = {Neyer, Gabriele and Wagner, Frank},
booktitle = {Algorithms and Complexity},
pages = {113--124},
publisher = SPRINGER,
series = LNCS,
title = {{Labeling Downtown}},
volume = {1767},
year = {2000}
}

%% Referenz ist eine URL
@misc{example4,
author = {Wolff, Alexander and Strijk, Tycho},
title = {{The Map Labeling Bibliography}},
howpublished={\url{
http://liinwww.ira.uka.de/bibliography/Theory/map.labeling.html}},
year = {2009}
}



